<?xml version="1.0" encoding="UTF-8"?><collection xmlns="http://www.loc.gov/MARC21/slim"><record><leader>00371nam--2200133-i-4500</leader><controlfield tag="001">000049721</controlfield><controlfield tag="002">20161230</controlfield><controlfield tag="005">20161230201047</controlfield><controlfield tag="008">060222s1000------------r-----000-0-eng-d</controlfield><datafield ind1=" " ind2=" " tag="080"><subfield code="a">515.14</subfield></datafield><datafield ind1=" " ind2=" " tag="100"><subfield code="a">Arnautov,V.I.,Vodinchar,M.I. I Mihalev,A.V</subfield></datafield><datafield ind1=" " ind2=" " tag="245"><subfield code="a">Vvedenie v teoriiu topologicheskih kovc i modulei</subfield></datafield><datafield ind1=" " ind2=" " tag="260"><subfield code="a">Kishinev, Izd.Shtiinca, 1981. 176 S</subfield></datafield><datafield ind1=" " ind2=" " tag="852"><subfield code="a">70354</subfield></datafield></record></collection>